<record><leader>00000cas a22000007a 4500</leader><controlfield tag="001">13018831</controlfield><controlfield tag="008">860114d19571985utuwr ne      0    0eng d</controlfield><datafield ind1=" " ind2=" " tag="010"><subfield code="a">sn 86091012 </subfield></datafield><datafield ind1=" " ind2=" " tag="040"><subfield code="a">UNP</subfield><subfield code="b">eng</subfield><subfield code="c">UNP</subfield><subfield code="d">OCLCQ</subfield></datafield><datafield ind1=" " ind2=" " tag="032"><subfield code="a">12369000</subfield><subfield code="b">USPS</subfield></datafield><datafield ind1=" " ind2=" " tag="042"><subfield code="a">msc</subfield></datafield><datafield ind1=" " ind2="4" tag="050"><subfield code="a">AN2.U8</subfield><subfield code="b">T66</subfield></datafield><datafield ind1="0" ind2=" " tag="130"><subfield code="a">Tooele bulletin (Tooele, Utah : 1957)</subfield></datafield><datafield ind1="1" ind2="4" tag="245"><subfield code="a">The Tooele bulletin.</subfield></datafield><datafield ind1=" " ind2=" " tag="260"><subfield code="a">Tooele, Utah :</subfield><subfield code="b">J.J. Dunn,</subfield><subfield code="c">1957-1985.</subfield></datafield><datafield ind1=" " ind2=" " tag="300"><subfield code="a">29 v. :</subfield><subfield code="b">ill. ;</subfield><subfield code="c">58 cm.</subfield></datafield><datafield ind1=" " ind2=" " tag="310"><subfield code="a">Weekly</subfield></datafield><datafield ind1="0" ind2=" " tag="362"><subfield code="a">Vol. 43, no. 1 (June 18, 1957)-v. 71, no. 3 (July 2, 1985).</subfield></datafield><datafield ind1=" " ind2=" " tag="500"><subfield code="a">Issued from the same office: Tooele transcript (Tooele, Utah : 1957).</subfield></datafield><datafield ind1=" " ind2=" " tag="525"><subfield code="a">Supplements accompany some issues.</subfield></datafield><datafield ind1=" " ind2=" " tag="580"><subfield code="a">Continues in part: Transcript-bulletin, but resumes its own former numbering.</subfield></datafield><datafield ind1=" " ind2=" " tag="580"><subfield code="a">Merged with: Tooele transcript (Tooele, Utah : 1957), to form: Tooele transcript-bulletin.</subfield></datafield><datafield ind1=" " ind2=" " tag="580"><subfield code="a">Issued from the same office for distribution in Dugway, Utah: Test run, 1959-1968; Deseret sampler, 1968-1982; Sampler (Dugway, Utah), 1982-1985.</subfield></datafield><datafield ind1=" " ind2=" " tag="580"><subfield code="a">Issued from the same office for distribution at Tooele Army Depot, Utah: Desert star (Tooele Army Depot, Utah), May 1980-July 1985.</subfield></datafield><datafield ind1=" " ind2=" " tag="752"><subfield code="a">United States</subfield><subfield code="b">Utah</subfield><subfield code="c">Tooele</subfield><subfield code="d">Tooele.</subfield></datafield><datafield ind1="1" ind2="1" tag="780"><subfield code="t">Transcript-bulletin</subfield><subfield code="w">(DLC)sn 86091011</subfield><subfield code="w">(OCoLC)13018813</subfield></datafield><datafield ind1="1" ind2="7" tag="785"><subfield code="t">Tooele transcript (Tooele, Utah 1957)</subfield><subfield code="w">(DLC)sn 86091013</subfield><subfield code="w">(OCoLC)13018839</subfield></datafield><datafield ind1="1" ind2="7" tag="785"><subfield code="t">Tooele transcript-bulletin</subfield><subfield code="w">(DLC)sn 86091014</subfield><subfield code="w">(OCoLC)13018879</subfield></datafield><datafield ind1="1" ind2=" " tag="787"><subfield code="t">Test run</subfield><subfield code="w">(DLC)sn 85058206</subfield><subfield code="w">(OCoLC)12359388</subfield></datafield><datafield ind1="1" ind2=" " tag="787"><subfield code="t">Deseret sampler</subfield><subfield code="w">(DLC)sn 85058207</subfield><subfield code="w">(OCoLC)8823154</subfield></datafield><datafield ind1="1" ind2=" " tag="787"><subfield code="t">Sampler (Dugway, Utah)</subfield><subfield code="w">(DLC)sn 85058208</subfield><subfield code="w">(OCoLC)10188190</subfield></datafield><datafield ind1="1" ind2=" " tag="787"><subfield code="t">Desert star (Tooele Army Depot, Utah)</subfield><subfield code="w">(DLC)sn 86091032</subfield><subfield code="w">(OCoLC)13077811</subfield></datafield></record>